<?xml version="1.0" encoding="UTF-8"?><collection xmlns="http://www.loc.gov/MARC21/slim"><record><leader>00347nam--2200133-i-4500</leader><controlfield tag="001">000003414</controlfield><controlfield tag="002">20161230</controlfield><controlfield tag="005">20161230201025</controlfield><controlfield tag="008">060222s1000------------r-----000-0-eng-d</controlfield><datafield ind1=" " ind2=" " tag="100"><subfield code="a">Dingle, Herbert</subfield></datafield><datafield ind1=" " ind2=" " tag="245"><subfield code="a">Practical applications of spectrum analysis</subfield></datafield><datafield ind1=" " ind2=" " tag="260"><subfield code="a">London, Chapman &amp; Hall Ltd., 1950</subfield></datafield><datafield ind1=" " ind2=" " tag="490"><subfield code="a">Ix+245p.+xixpl</subfield></datafield><datafield ind1=" " ind2=" " tag="852"><subfield code="a">544.62:6</subfield></datafield></record></collection>